@article{o2015use,
  title={The use of flipped classrooms in higher education: A scoping review},
  author={O'Flaherty, Jacqueline and Phillips, Craig},
  journal={The Internet and Higher Education},
  volume={25},
  pages={85--95},
  year={2015},
  publisher={Elsevier}
}

@article{topping1996effectiveness,
  title={The effectiveness of peer tutoring in further and higher education: A typology and review of the literature},
  author={Topping, Keith J},
  journal={Higher education},
  volume={32},
  number={3},
  pages={321--345},
  year={1996},
  publisher={Springer}
}

@article{hunter2004could,
  title={Could Fixing Academic Advising Fix Higher Education?.},
  author={Hunter, Mary Stuart and White, Eric R},
  journal={About Campus},
  volume={9},
  number={1},
  pages={20--25},
  year={2004},
  publisher={ERIC}
}

@article{king2002identifying,
  title={Identifying success in online teacher education and professional development},
  author={King, Kathleen P},
  journal={The Internet and Higher Education},
  volume={5},
  number={3},
  pages={231--246},
  year={2002},
  publisher={Elsevier}
}

@article{lewallen1993early,
  title={Early Alert: A Report on Two Pilot Projects at Antelope Valley College.},
  author={Lewallen, Willard Clark},
  year={1993},
  publisher={ERIC}
}

@INPROCEEDINGS{6915523, 
author={A. Slim and J. Kozlick and G. L. Heileman and C. T. Abdallah}, 
booktitle={2014 Eighth International Conference on Complex, Intelligent and Software Intensive Systems}, 
title={The Complexity of University Curricula According to Course Cruciality}, 
year={2014}, 
pages={242-248}, 
keywords={educational courses;educational institutions;further education;graph theory;statistical distributions;University of New Mexico;blocking factors;college level;complex network analysis;course cruciality distribution;delay factors;departmental level;graduation rates;graph theory;institutional factors;power law distribution;preuniversity preparation;student support services;university course network analysis;university curricula complexity;university level;Algebra;Complexity theory;Computers;Delays;Educational institutions;complex networks;institutional analytics;university curricula}, 
doi={10.1109/CISIS.2014.34}, 
month={July},}

@inproceedings{Julia,
    author = "Jeff Bezanzon and Stefan Karpinski and Viral Shah and Alan Edelman",
    booktitle = "Lang.{NEXT}",
    year = "2012",
    month = apr,
    title = "Julia: A Fast Dynamic Language for Technical Computing",
    url = "http://julialang.org/images/lang.next.pdf"
}